@misc{GIT:1,
   title = {Git},
   howpublished = "\url{https://git-scm.com/}"
}
@misc{GIT:2,
   title = {Git - Wikipedia},
   howpublished = "\url{https://en.wikipedia.org/wiki/Git}"
}
@misc{GITHUB:1,
   title = {GitHub - Wikipedia},
   howpublished = "\url{https://en.wikipedia.org/wiki/GitHub}"
}
